<?xml version = "1.0" encoding = "UTF-8"?><OAI-PMH xmlns="http://www.openarchives.org/OAI/2.0/" xmlns:xsi="http://www.w3.org/2001/XMLSchema-instance" xsi:schemaLocation="http://www.openarchives.org/OAI/2.0/ http://www.openarchives.org/OAI/2.0/OAI-PMH.xsd"><ListRecords><record><header><identifier>aleph-publish:015589506</identifier></header><metadata><record xmlns="http://www.ddb.de/professionell/mabxml/mabxml-1.xsd"><leader>------M2.01200024------h</leader><controlfield tag="LDR">------M2.01200024------h</controlfield><controlfield tag="FMT">MH</controlfield><datafield tag="001" ind1="-" ind2="1"><subfield code="a">HT014997977</subfield></datafield><datafield tag="002" ind1="a" ind2="1"><subfield code="a">20070222</subfield></datafield><datafield tag="003" ind1="-" ind2="1"><subfield code="a">20190712</subfield></datafield><controlfield tag="030">a|1uc||||||37</controlfield><datafield tag="036" ind1="a" ind2="1"><subfield code="a">DE</subfield></datafield><datafield tag="037" ind1="b" ind2="1"><subfield code="a">ger</subfield></datafield><controlfield tag="050">||||||||g|||||</controlfield><controlfield tag="051">my|||||||||||||</controlfield><datafield tag="070" ind1="-" ind2="1"><subfield code="a">929</subfield></datafield><datafield tag="078" ind1="r" ind2="1"><subfield code="a">929: edoweb</subfield></datafield><datafield tag="080" ind1="-" ind2="1"><subfield code="a">60</subfield></datafield><datafield tag="200" ind1="b" ind2="1"><subfield code="k">Arbeitskreis Straßenbauabfälle Rheinland-Pfalz</subfield><subfield code="9">(DE-588)3062366-2</subfield></datafield><datafield tag="204" ind1="b" ind2="1"><subfield code="k">Landesbetrieb Straßen und Verkehr Rheinland-Pfalz</subfield><subfield code="9">(DE-588)10048424-4</subfield></datafield><datafield tag="205" ind1="-" ind2="1"><subfield code="k">Landesbetrieb für Straßen und Verkehr Rheinland-Pfalz</subfield></datafield><datafield tag="205" ind1="-" ind2="1"><subfield code="k">Landesbetrieb Straßen und Verkehr RP</subfield></datafield><datafield tag="205" ind1="-" ind2="1"><subfield code="k">LSV</subfield></datafield><datafield tag="208" ind1="b" ind2="1"><subfield code="k">Rheinland-Pfalz</subfield><subfield code="b">Landesamt für Umweltschutz und Gewerbeaufsicht</subfield><subfield code="9">(DE-588)2092393-4</subfield></datafield><datafield tag="209" ind1="-" ind2="1"><subfield code="k">Landesamt für Umweltschutz und Gewerbeaufsicht</subfield><subfield code="h">Rheinland-Pfalz</subfield></datafield><datafield tag="209" ind1="-" ind2="1"><subfield code="k">Landesamt für Umwelt und Gewerbeaufsicht</subfield><subfield code="h">Rheinland-Pfalz</subfield></datafield><datafield tag="209" ind1="-" ind2="1"><subfield code="k">Rheinland-Pfalz</subfield><subfield code="b">Landesamt für Umweltschutz und Gewerbeaufsicht</subfield><subfield code="b">Steuerungsgruppe Vermeidung und Verwertung von Abfällen</subfield></datafield><datafield tag="209" ind1="-" ind2="1"><subfield code="k">LfUG</subfield></datafield><datafield tag="331" ind1="-" ind2="1"><subfield code="a">Leitfaden für die Behandlung von Ausbauasphalt und Straßenaufbruch mit teer-/pechtypischen Bestandteilen</subfield></datafield><datafield tag="334" ind1="-" ind2="1"><subfield code="a">Elektronische Ressource</subfield></datafield><datafield tag="335" ind1="-" ind2="1"><subfield code="a">Leitfaden für den Geschäftsbereich des Landesbetriebes Straßen und Verkehr</subfield></datafield><datafield tag="359" ind1="-" ind2="1"><subfield code="a">Arbeitskreis Straßenbauabfälle Rheinland-Pfalz; Landesamt für Umweltschutz und Gewerbeaufsicht; Landesbetrieb Straßen und Verkehr Rheinland-Pfalz</subfield></datafield><datafield tag="403" ind1="-" ind2="1"><subfield code="a">1. Aufl.</subfield></datafield><datafield tag="410" ind1="-" ind2="1"><subfield code="a">[Mainz]</subfield></datafield><datafield tag="425" ind1="a" ind2="1"><subfield code="a">2003</subfield></datafield><datafield tag="433" ind1="-" ind2="1"><subfield code="a">15, [14] S. : graph. Darst.</subfield></datafield><datafield tag="552" ind1="b" ind2="1"><subfield code="a">urn:nbn:de:hbz:929:02-edoweb:17507513</subfield></datafield><datafield tag="652" ind1="a" ind2="1"><subfield code="a">Archivierte Online-Ressource</subfield></datafield><datafield tag="655" ind1="e" ind2="1"><subfield code="u">https://www.edoweb-rlp.de/resource/edoweb:1750751</subfield><subfield code="x">Archivierte Online-Ressource</subfield><subfield code="A">0</subfield></datafield><datafield tag="655" ind1="e" ind2="1"><subfield code="x">kostenfrei; Langzeitarchivierung</subfield></datafield><datafield tag="700" ind1="l" ind2="1"><subfield code="a">rpb574040</subfield></datafield><datafield tag="700" ind1="l" ind2="1"><subfield code="a">940</subfield></datafield><datafield tag="700" ind1="b" ind2="1"><subfield code="a">380</subfield></datafield><controlfield tag="SYS">015589506</controlfield></record></metadata></record></ListRecords></OAI-PMH>